<?xml version="1.0" encoding="utf-8"?>
<record xmlns="http://www.loc.gov/MARC21/slim" xmlns:xsi="http://www.w3.org/2001/XMLSchema-instance" xsi:schemaLocation="http://www.loc.gov/MARC21/slim http://www.loc.gov/standards/marcxml/schema/MARC21slim.xsd">
	<leader>
		02389nam a2200385   4500
	</leader>
	<controlfield tag="001">
		2959248
	</controlfield>
	<controlfield tag="003">
		NNC
	</controlfield>
	<controlfield tag="006">
		m        d        
	</controlfield>
	<controlfield tag="007">
		cr cn |||m|||a
	</controlfield>
	<controlfield tag="008">
		150923s1928    xx      o     000 0 arao 
	</controlfield>
	<datafield ind1=" " ind2=" " tag="040">
		<subfield code="a">
			NNU
		</subfield>
		<subfield code="b">
			eng
		</subfield>
		<subfield code="e">
			rda
		</subfield>
		<subfield code="c">
			NNU
		</subfield>
	</datafield>
	<datafield ind1="0" ind2=" " tag="050">
		<subfield code="a">
			BP189.7.S5
		</subfield>
		<subfield code="b">
			K8 1928
		</subfield>
	</datafield>
	<datafield ind1="1" ind2=" " tag="100">
		<subfield code="6">
			880-01
		</subfield>
		<subfield code="a">
			Kūhin al-Fāsī, al-Ḥasan ibn Muḥammad.
		</subfield>
	</datafield>
	<datafield ind1="1" ind2="0" tag="245">
		<subfield code="6">
			880-02
		</subfield>
		<subfield code="a">
			Kitāb Ṭabaqāt al-Shādhilīyah al-kubrá:
		</subfield>
		<subfield code="b">
			al-musammāh Jāmiʻ al-karāmāt al-ʻalīyah fī ṭabaqāt al-sādāt al-Shādhilīyah /
		</subfield>
		<subfield code="c">
			lil-Ḥasan bin Muḥammad al-Kūhin al-Fāsī al-Shādhilī al-Fatḥī al-Maghribī.
		</subfield>
	</datafield>
	<datafield ind1="3" ind2=" " tag="246">
		<subfield code="6">
			880-03
		</subfield>
		<subfield code="a">
			Ṭabaqāt al-Shādhilīyah al-kubrā
		</subfield>
	</datafield>
	<datafield ind1="3" ind2=" " tag="246">
		<subfield code="6">
			880-04
		</subfield>
		<subfield code="a">
			Jāmīʻ al-karāmāt al-ʻalīyah fī ṭabaqāt al-sādāt al- Shādhilīyah
		</subfield>
	</datafield>
	<datafield ind1=" " ind2=" " tag="260">
		<subfield code="6">
			880-05
		</subfield>
		<subfield code="a">
			[al-Qāhirah]:
		</subfield>
		<subfield code="b">
			Maktabat al-Fāsīyah al-Miṣrīyah,
		</subfield>
		<subfield code="c">
			1347 [1928]
		</subfield>
	</datafield>
	<datafield ind1=" " ind2=" " tag="300">
		<subfield code="a">
			online resource (267, 5 pages)
		</subfield>
	</datafield>
	<datafield ind1=" " ind2=" " tag="336">
		<subfield code="a">
			text
		</subfield>
		<subfield code="2">
			rdacontent
		</subfield>
	</datafield>
	<datafield ind1=" " ind2=" " tag="337">
		<subfield code="a">
			computer
		</subfield>
		<subfield code="2">
			rdamedia
		</subfield>
	</datafield>
	<datafield ind1=" " ind2=" " tag="338">
		<subfield code="a">
			online resource
		</subfield>
		<subfield code="2">
			rdacarrier
		</subfield>
	</datafield>
	<datafield ind1=" " ind2=" " tag="500">
		<subfield code="a">
			Part of the Arabic Collections Online (ACO) project, contributed by Columbia University Libraries.
		</subfield>
	</datafield>
	<datafield ind1=" " ind2=" " tag="533">
		<subfield code="a">
			Electronic reproduction.
		</subfield>
		<subfield code="b">
			New York, N.Y. :
		</subfield>
		<subfield code="c">
			New York University,
		</subfield>
		<subfield code="d">
			2015.
		</subfield>
		<subfield code="5">
			NNU
		</subfield>
	</datafield>
	<datafield ind1=" " ind2="0" tag="650">
		<subfield code="a">
			Shādhilīyah.
		</subfield>
	</datafield>
	<datafield ind1="2" ind2=" " tag="710">
		<subfield code="a">
			Columbia University.
		</subfield>
		<subfield code="b">
			Libraries.
		</subfield>
	</datafield>
	<datafield ind1="0" ind2=" " tag="730">
		<subfield code="a">
			Arabic Collections Online.
		</subfield>
	</datafield>
	<datafield ind1="0" ind2="8" tag="776">
		<subfield code="i">
			Print version:
		</subfield>
		<subfield code="a">
			Kūhin al-Fāsī, al-Ḥasan ibn Muḥammad.
		</subfield>
		<subfield code="t">
			Kitāb Ṭabaqāt al-Shādhilīyah al-kubrá
		</subfield>
		<subfield code="w">
			(NNC)2959248
		</subfield>
		<subfield code="w">
			(DLC)   60034362 
		</subfield>
		<subfield code="w">
			(OCoLC)32341154
		</subfield>
	</datafield>
	<datafield ind1="4" ind2="0" tag="856">
		<subfield code="u">
			http://hdl.handle.net/2333.1/rxwdbvf0
		</subfield>
	</datafield>
	<datafield ind1="1" ind2=" " tag="880">
		<subfield code="6">
			100-01/r
		</subfield>
		<subfield code="a">
			كوهن الفاسي، الحسن بن محمد.
		</subfield>
	</datafield>
	<datafield ind1="1" ind2="0" tag="880">
		<subfield code="6">
			245-02/r
		</subfield>
		<subfield code="a">
			كتاب طبقات الشاذلية الكبرى:
		</subfield>
		<subfield code="b">
			المسماه جامع الكرامات العلية في طبقات السادات الشاذلية /
		</subfield>
		<subfield code="c">
			للحسن بن محمد الكوهن الفاسي الشاذلي الفتحي المغربي.
		</subfield>
	</datafield>
	<datafield ind1="3" ind2=" " tag="880">
		<subfield code="6">
			246-03/r
		</subfield>
		<subfield code="a">
			طبقات الشاذلية الكبرا
		</subfield>
	</datafield>
	<datafield ind1="3" ind2=" " tag="880">
		<subfield code="6">
			246-04/r
		</subfield>
		<subfield code="a">
			جاميع الكرامات العلية في طبقات السادات ال شاذلية
		</subfield>
	</datafield>
	<datafield ind1=" " ind2=" " tag="880">
		<subfield code="6">
			260-05/r
		</subfield>
		<subfield code="a">
			[القاهرة]:
		</subfield>
		<subfield code="b">
			مكتبة الفاسية المصرية،
		</subfield>
		<subfield code="c">
			1347 [1928]
		</subfield>
	</datafield>
	<datafield ind1=" " ind2=" " tag="959">
		<subfield code="a">
			NNU
		</subfield>
		<subfield code="b">
			WEB
		</subfield>
		<subfield code="c">
			GENI
		</subfield>
		<subfield code="t">
			0
		</subfield>
		<subfield code="m">
			Electronic access
		</subfield>
		<subfield code="s">
			01
		</subfield>
	</datafield>
	<datafield ind1=" " ind2=" " tag="999">
		<subfield code="i">
			NNC_2959248
		</subfield>
		<subfield code="o">
			(OCoLC)ocm32341154
		</subfield>
		<subfield code="s">
			columbia_aco001012
		</subfield>
		<subfield code="e">
			(ERROR-880)
		</subfield>
		<subfield code="s">
			columbia_aco001012
		</subfield>
	</datafield>
</record>
